<?xml version="1.0" encoding="UTF-8"?><collection xmlns="http://www.loc.gov/MARC21/slim"><record><leader>00386nam--2200121-i-4500</leader><controlfield tag="001">000043328</controlfield><controlfield tag="002">20161230</controlfield><controlfield tag="005">20161230201044</controlfield><controlfield tag="008">060222s1000------------r-----000-0-eng-d</controlfield><datafield ind1=" " ind2=" " tag="080"><subfield code="a">621.382.3</subfield></datafield><datafield ind1=" " ind2=" " tag="245"><subfield code="a">Second symposium on field effect transistors 6th and 7th may 1969 in the municipal hall, stratford, e-15</subfield></datafield><datafield ind1=" " ind2=" " tag="260"><subfield code="a">London, Wast Ham College Of Technology, 1969. P.Dif</subfield></datafield><datafield ind1=" " ind2=" " tag="852"><subfield code="a">33083</subfield></datafield></record></collection>